
%普通图书
@book{book1,
	author = {美国妇产科医师学会},
	title = {新生儿脑病和脑性瘫痪发病机制与病理生理},
    translator = {段涛 and 杨慧霞},
	type = {M},
    location = {北京},
	publisher = {科学出版社},
	year = {2010},
	pages = {38-39},
    language = {chinese}
}

@book{book2,
	author = {汪昂},
	title = {增订本草备要:四卷},
    booktitle = {刻本},
	type = {M},
    location = {京都},
	publisher = {老二酉堂},
	year = {1881(清光绪七年)},
	pages = {38-39},
    language = {chinese},
}

@book{book3,
	author = {蒋有绪 and 郭泉水 and 马娟 and Others},
	title = {中国森林群落分类及其群落学特征},
	type = {M},
    location = {北京},
	publisher = {科学出版社},
	year = {1998},
    language = {chinese}
}

@book{book4,
	author = {侯文顺},
	title = {高分子物理：高分子材料分析、选择与改性},
	type = {M/OL},
    location = {北京},
	publisher = {化学工业出版社},
	year = {2010},
    pages = {119},
    date = {2012-11-24},
    url = {http://apabi.lib.pku.edu.cn/usp/pku/pub.mvc?pid=book.detail&metaid=m.2011 1114-HGS-889-0228},
    language = {chinese}
}

@book{book5,
	author = {CRA, WFPRD W and GORMAN, M},
	title = {Future libraries：dreams，madness，\& reality},
	type = {M},
    location = {Chicago},
	publisher = {American Library Association},
}

@book{book6,
	author = {International Federation of Library Association \& Institutions},
	title = {Names of persons: national usages for entry in catalogues},
	type = {M},
    location = {London},
    edition = {3rd ed},
	publisher = {IFLA International Office for UBC},
    language = {english}
}

@book{book7,
	author = {O’BRIEN, J A},
	title = {Introduction to information systems},
	type = {M},
    location = {Burr Ridge，III},
    edition = {7th ed},
	publisher = {Irwin},
	year = {1994},
}

% 论文集、会议录

@proceedings{pc1,
	author = {中国职工教育研究会},
	title = {职工教育研究论文集},
	type = {G},
    location = {北京},
	publisher = {人民教育出版社},
	year = {1985},
    language = {chinese}
}

@proceedings{pc2,
	author = {雷光春},
	title = {综合湿地管理：综合湿地管理国际研讨会论文集},
	type = {C},
	location = {北京},
    publisher = {海洋出版社},
	year = {2012},
	language = {chinese},
}


@proceedings{pc3,
	author = {BABU, B V and NAGAR, A K and DEEP, K},
	title = {Proceedings of the Second International Conference on Soft Computing for Problem Solving},
	type = {C},
    location = {北京},
	publisher = {海洋出版社},
	year = {2012},
    language = {chinese}
}

% 报告

@incollection{report1,
	author = {中华人民共和国国务院新闻办公室},
	title = {国防白皮书：中国武装力量的多样化运用},
	type = {R/OL},
    date = {2013-04-16},
    urldate = {2014-06-11},
    url = {http://www.mod.gov.cn/affair/2013-04/16/content\_4442839.htm},
    language = {chinese}
}

@report{report2,
	author = {World Health Organization},
	title = {Factors regulating the immune response：report of WHO Scientific Group},
	type = {R},
    location = {Geneva},
    publisher = {WHO},
    year = {1970},
}

% 学位论文
@thesis{thesis1,
	author = {吴云芳},
	title = {面向中文信息处理的现代汉语并列结构研究},
	type = {D/OL},
    location = {北京},
    publisher = {北京大学},
    year = {2003},
    date = {2013-10-14},
    url = {http://thesis.lib.pku.edu.cn/dlib/List.asp\?lang=gb\&type=Reader\&DocGroupID=4\&DocID=6328},
    language = {chinese}
}

@thesis{thesis2,
	author = {CALMS, R B},
	title = {Infrared spectroscopic studies on solid oxygen},
	type = {D},
    location = {Berkeley},
    publisher = {Univ． of California},
    year = {1965},
    language = {english},
}

% 专利文献
@patent{patent1,
    author = {张凯军},
	title = {轨道火车及高速轨道火车紧急安全制动辅助装置：201220158825.2},
	type = {P},
    date = {2012-04-05},
    language = {chinese}
}

@patent{patent2,
    author = {河北绿洲生态环境科技有限公司},
	title = {一种荒漠化地区生态植被综合培植方法：01129210.5},
	type = {P/OL},
    date = {2001-10-24},
    urldate = {2002-05-28},
    url = {http://www.baidu.com},
    language = {chinese}
}

@patent{patent3,
    author = {KOSEKI, A and MOMOSE, H and KAWAHITO, M and others},
	title = {Compiler：US828402},
	type = {P/OL},
    date = {2002-05-25},
    urldate = {2002-05-28},
    url = {http://www,baidu.com},
    language = {english},
}

% 标准文献

@article{paper1,
	author = {全国信息与文献标准化技术委员会},
	title = {文献著录：第4部分 非书资料：GB/T 3792.4-2009},
	type = {S},
    location = {北京},
    publisher = {中国标准出版社},
	year = {2010},
	pages = {3},
    language = {chinese}
}

% 专著中析出的文献

@incollection{paper2,
	author = {国家标准局信息分类编码研究所},
	title = {世界各国和地区名称代码：GB/T 2659-1986},
	type = {S},
	bookauthor = {全国文献工作标准化委员会},
	booktitle = {文献工作国家标准汇编},
	location = {北京},
	publisher = {中国标准出版社},
	year = {1988},
	pages = {59-92},
    language = {chinese}
}

@incollection{paper3,
	author = {BUSECK, P R and NORD, G L and Jr., VEBLEN, D R},
	title = {Subsolidus phenomena in pyroxenes},
	type = {M},
	location = {Pyroxense. Washington, D.C.},
	publisher = {Mineralogical Society of America},
	year = {1980},
	pages = {117-211},
    language = {english},
}

@customf{paper4,
  addendum={FOURNEY M E． Advances in holographic photoelasticity[C]//Symposium on Applications of Holography in Mechanics， August 23-25，1971， University of Southern California， Los Angeles，California.New York： ASME， c1971：17-38．},
  language = {chinese}
}%如果实在不能满足

% 期刊中析出的文献

@article{paper5,
	author = {李炳穆},
	title = {韩国图书馆法},
	type = {J},
    journal = {图书情报工作},
	year = {1999},
	volume = {44},
	number = {23},
	pages = {6-21},
	language = {chinese},
}

@article{paper6,
	author = {于潇 and 刘义 and 柴跃廷 and others},
	title = {互联网药品可信交易环境中主体资质审核备案模式},
	type = {J},
    journal = {清华大学学报(自然科学版)},
	year = {2012},
	volume = {52},
	number = {11},
	pages = {1518},
	language = {chinese},
}

@article{paper7,
	author = {DES MARAIS, D J and STRAUSS, H and SUMMONS, R E and others},
	title = {Carbon isotope evidence for the stepwise oxidation of the Proterozoic environment},
	type = {J},
    journal = {Nature},
	year = {1992},
	volume = {359},
	pages = {605-609},
    language = {english},
}

% 报纸中析出的文献

@article{paper8,
	author = {丁文祥},
	title = {数字革命与竞争国际化},
	type = {N},
    journal = {中国青年报},
	date = {2000-11-20},
    number = {15},
	language = {chinese},
}


% 电子资源（不包括电子专著、电子连续出版物、电子学位论文、电子专利）

@online{ele1,
	author = {萧钰},
	title = {出版业信息化迈入快车道},
	type = {EB/OL},
	date = {2001-12-19},
	url = {http://www.creader.com/news/20011219/200112190019.html},
	urldate = {2002-04-15},
	language = {chinese},
}

@customf{ele2,
  addendum={李强.化解医患矛盾需釜底抽薪[EB/OL].2012-05-03[2013-03-25].\url{http：//wenku.baidu.com/view/47e4f206b52acfc789ebc92f.html}.},
  language = {chinese}
}%如果实在不能满足

@online{ele3,
	title = {Dublin core metadata element set：version 1.1},
	type = {EB/OL},
	date = {2012-06-14},
	url = {http：//dublincore.org/documents/dces/},
	urldate = {2014-06-11},
    language = {english},
}
